<?xml version="1.0" encoding="UTF-8" standalone="no"?>
<record xmlns="http://www.loc.gov/MARC21/slim">
    <leader>00000cam a2200000 i 4500</leader>
    <controlfield tag="001">1354771677</controlfield>
    <controlfield tag="008">210902t20222022fr a     b    000 0 fre  </controlfield>
    <datafield ind1=" " ind2=" " tag="010">
      <subfield code="a">  2022430591</subfield>
    </datafield>
    <datafield ind1=" " ind2=" " tag="040">
      <subfield code="a">DLC</subfield>
      <subfield code="b">eng</subfield>
      <subfield code="e">rda</subfield>
      <subfield code="c">DLC</subfield>
      <subfield code="d">AUXAM</subfield>
      <subfield code="d">OCLCF</subfield>
      <subfield code="d">ERASP</subfield>
      <subfield code="d">ZCU</subfield>
      <subfield code="d">PUL</subfield>
      <subfield code="d">NOC</subfield>
    </datafield>
    <datafield ind1=" " ind2=" " tag="019">
      <subfield code="a">1329221766</subfield>
    </datafield>
    <datafield ind1=" " ind2=" " tag="020">
      <subfield code="a">9782227499195</subfield>
      <subfield code="q">(paperback)</subfield>
    </datafield>
    <datafield ind1=" " ind2=" " tag="020">
      <subfield code="a">2227499192</subfield>
      <subfield code="q">(paperback)</subfield>
    </datafield>
    <datafield ind1=" " ind2=" " tag="042">
      <subfield code="a">pcc</subfield>
    </datafield>
    <datafield ind1=" " ind2=" " tag="043">
      <subfield code="a">e-fr---</subfield>
    </datafield>
    <datafield ind1="0" ind2="0" tag="050">
      <subfield code="a">CR542</subfield>
      <subfield code="b">.W43 2022</subfield>
    </datafield>
    <datafield ind1="1" ind2="4" tag="082">
      <subfield code="a">944</subfield>
    </datafield>
    <datafield ind1="1" ind2=" " tag="100">
      <subfield code="a">Wahnich, Sophie,</subfield>
      <subfield code="e">author.</subfield>
    </datafield>
    <datafield ind1="1" ind2="3" tag="245">
      <subfield code="a">Le ruban tricolore :</subfield>
      <subfield code="b">un lien politique /</subfield>
      <subfield code="c">Sophie Wahnich</subfield>
    </datafield>
    <datafield ind1=" " ind2="1" tag="264">
      <subfield code="a">Montrouge :</subfield>
      <subfield code="b">Bayard,</subfield>
      <subfield code="c">[2022]</subfield>
    </datafield>
    <datafield ind1=" " ind2="4" tag="264">
      <subfield code="c">©2022</subfield>
    </datafield>
    <datafield ind1=" " ind2=" " tag="300">
      <subfield code="a">141 pages :</subfield>
      <subfield code="b">illustrations (chiefly color) ;</subfield>
      <subfield code="c">18 cm</subfield>
    </datafield>
    <datafield ind1=" " ind2=" " tag="336">
      <subfield code="a">text</subfield>
      <subfield code="b">txt</subfield>
      <subfield code="2">rdacontent</subfield>
    </datafield>
    <datafield ind1=" " ind2=" " tag="337">
      <subfield code="a">unmediated</subfield>
      <subfield code="b">n</subfield>
      <subfield code="2">rdamedia</subfield>
    </datafield>
    <datafield ind1=" " ind2=" " tag="338">
      <subfield code="a">volume</subfield>
      <subfield code="b">nc</subfield>
      <subfield code="2">rdacarrier</subfield>
    </datafield>
    <datafield ind1="1" ind2=" " tag="490">
      <subfield code="a">Le rayon des curiosités</subfield>
    </datafield>
    <datafield ind1=" " ind2=" " tag="504">
      <subfield code="a">Includes bibliographical references (pages 133-137)</subfield>
    </datafield>
    <datafield ind1="0" ind2="0" tag="505">
      <subfield code="t">Avant-propos. Quel est ce ruban que je ne saurais voir ? --</subfield>
      <subfield code="t">Le ruban tricolore révolutionnaire m'accompagne depuis longtemps... --</subfield>
      <subfield code="t">Rubans tricolores somptueux et précieux --</subfield>
      <subfield code="t">Trois rubans pour trois couleurs, trois couleurs pour un ruban --</subfield>
      <subfield code="t">Monsieur Bailly --</subfield>
      <subfield code="t">Les trois couleurs, ouvroir de récits potentiels --</subfield>
      <subfield code="t">Une belle opération de propagande monarchique --</subfield>
      <subfield code="t">Quand les trois couleurs sont profanées --</subfield>
      <subfield code="t">L'économie du symbolique --</subfield>
      <subfield code="t">La marchande de cocardes et de rubans --</subfield>
      <subfield code="t">Rubans à vendre ! --</subfield>
      <subfield code="t">Un article de Paris symbolique et politique : les genres du ruban --</subfield>
      <subfield code="t">Le ruban comme éloge de la simplicité --</subfield>
      <subfield code="t">Le ruban fait lien --</subfield>
      <subfield code="t">Une religion civile --</subfield>
      <subfield code="t">Une justice locale qui unit la nation --</subfield>
      <subfield code="t">Dessiner l'espace --</subfield>
      <subfield code="t">Un ruban sacré --</subfield>
      <subfield code="t">Le décor patriotique --</subfield>
      <subfield code="t">Le ruban des étrangers, logique du regard et logique des liens --</subfield>
      <subfield code="t">Un signe allégorique comme sauf-conduit --</subfield>
      <subfield code="t">Langage des signes, signalétique, langage verbal : b quête du sensible authentique --</subfield>
      <subfield code="t">Retournement des signes, la surveillance défiante --</subfield>
      <subfield code="t">Devenirs du ruban tricolore --</subfield>
      <subfield code="t">Le ruban tricolore a-t-il disparu ? --</subfield>
      <subfield code="t">Une raideur officielle en polyester --</subfield>
      <subfield code="t">Esprit rubanier, où es tu ?</subfield>
    </datafield>
    <datafield ind1="8" ind2=" " tag="520">
      <subfield code="a">Tout commence à la fin du 18e siècle, en France, par la marchande de rubans. Le ruban va devenir cocarde et se diffuser partout mais il est d'abord un 'ruban d'hospitalité' qu'on avait imaginé faire porter aux étrangers. Puis il sera le ruban décoratif des fêtes de l'an II. L'historienne Sophie Wahnich, spécialiste de la Révolution française va suivre les métamorphoses de ce petit objet et de sa symbolique pour raconter les transformations de la société française. Il représente la patrie, le lien social, jusqu'à incarner un sentiment d'humanité. C'est à la fois un objet de coquetterie et de patriotisme, un objet qui s'officialise en drapeau, écharpe et perd sa tendresse et son charme mais aussi se retrouve dans sa fragilité quand on le réinvente avec d'autres couleurs, porté pour d'autres causes politiques au XXe siècle.</subfield>
    </datafield>
    <datafield ind1=" " ind2="0" tag="650">
      <subfield code="a">Emblems, National</subfield>
      <subfield code="z">France</subfield>
      <subfield code="x">History</subfield>
      <subfield code="y">18th century.</subfield>
    </datafield>
    <datafield ind1=" " ind2="0" tag="651">
      <subfield code="a">France</subfield>
      <subfield code="x">History</subfield>
      <subfield code="y">Revolution, 1789-1799.</subfield>
    </datafield>
    <datafield ind1=" " ind2="7" tag="650">
      <subfield code="a">Emblems, National.</subfield>
      <subfield code="2">fast</subfield>
      <subfield code="0">(OCoLC)fst00908363</subfield>
    </datafield>
    <datafield ind1=" " ind2="7" tag="651">
      <subfield code="a">France.</subfield>
      <subfield code="2">fast</subfield>
      <subfield code="0">(OCoLC)fst01204289</subfield>
    </datafield>
    <datafield ind1=" " ind2="7" tag="647">
      <subfield code="a">Revolution</subfield>
      <subfield code="c">(France :</subfield>
      <subfield code="d">1789-1799)</subfield>
      <subfield code="2">fast</subfield>
      <subfield code="0">(OCoLC)fst01354514</subfield>
    </datafield>
    <datafield ind1=" " ind2="7" tag="648">
      <subfield code="a">1700-1799</subfield>
      <subfield code="2">fast</subfield>
    </datafield>
    <datafield ind1=" " ind2="7" tag="655">
      <subfield code="a">History.</subfield>
      <subfield code="2">fast</subfield>
      <subfield code="0">(OCoLC)fst01411628</subfield>
    </datafield>
    <datafield ind1=" " ind2="0" tag="830">
      <subfield code="a">Rayon des curiosités.</subfield>
    </datafield>
    <datafield ind1=" " ind2=" " tag="938">
      <subfield code="a">AMALIVRE</subfield>
      <subfield code="b">AUXA</subfield>
      <subfield code="n">AAL03350414-0001</subfield>
    </datafield>
    <datafield ind1=" " ind2=" " tag="938">
      <subfield code="a">Librarie Erasmus</subfield>
      <subfield code="b">ERAP</subfield>
      <subfield code="n">0000093841</subfield>
    </datafield>
  </record>
